@Online{stuttgart:2023,
	author = {{ Verband Region Stuttgart }},
	title = {{Beschäftigte nach Sektoren }},
	url = {https://www.region-stuttgart.org/de/verband/region-in-zahlen/beschaeftigung/},
	year = {2023}
}
@Online{Consequences:2023,
	author = {{European Commission}},
	title = {{Consequences of climate change}},
	url = {https://climate.ec.europa.eu/climate-change/consequences-climate-change_en},
	year = {2023}
}
@Online{workers:2022,
	author = {{Statistisches Bundesamt}},
	title = {{Erwerbstätige im Inland nach Wirtschaftssektoren}},
	url = {https://www.destatis.de/DE/Themen/Wirtschaft/Konjunkturindikatoren/Lange-Reihen/Arbeitsmarkt/lrerw13a.html},
	year = {2022}
}
